% 综述1
@article{lim2020hierarchical,
  title={Hierarchical incentive mechanism design for federated machine learning in mobile networks},
  author={Lim, Wei Yang Bryan and Xiong, Zehui and Miao, Chunyan and Niyato, Dusit and Yang, Qiang and Leung, Cyril and Poor, H Vincent},
  journal={IEEE Internet of Things Journal},
  volume={7},
  number={10},
  pages={9575--9588},
  year={2020},
  publisher={IEEE}
}

@article{zhang2022enabling,
  title={Enabling long-term cooperation in cross-silo federated learning: A repeated game perspective},
  author={Zhang, Ning and Ma, Qian and Chen, Xu},
  journal={IEEE Transactions on Mobile Computing},
  volume={22},
  number={7},
  pages={3910--3924},
  year={2022},
  publisher={IEEE}
}

@article{jiao2020toward,
  title={Toward an automated auction framework for wireless federated learning services market},
  author={Jiao, Yutao and Wang, Ping and Niyato, Dusit and Lin, Bin and Kim, Dong In},
  journal={IEEE Transactions on Mobile Computing},
  volume={20},
  number={10},
  pages={3034--3048},
  year={2020},
  publisher={IEEE}
}

@article{kang2019incentive,
  title={Incentive mechanism for reliable federated learning: A joint optimization approach to combining reputation and contract theory},
  author={Kang, Jiawen and Xiong, Zehui and Niyato, Dusit and Xie, Shengli and Zhang, Junshan},
  journal={IEEE Internet of Things Journal},
  volume={6},
  number={6},
  pages={10700--10714},
  year={2019},
  publisher={IEEE}
}

@article{ding2020optimal,
  title={Optimal contract design for efficient federated learning with multi-dimensional private information},
  author={Ding, Ningning and Fang, Zhixuan and Huang, Jianwei},
  journal={IEEE Journal on Selected Areas in Communications},
  volume={39},
  number={1},
  pages={186--200},
  year={2020},
  publisher={IEEE}
}

%综述2
@inproceedings{tripathi2021age,
  title={Age debt: A general framework for minimizing age of information},
  author={Tripathi, Vishrant and Modiano, Eytan},
  booktitle={IEEE INFOCOM 2021-IEEE Conference on Computer Communications Workshops (INFOCOM WKSHPS)},
  pages={1--6},
  year={2021},
  organization={IEEE}
}

@inproceedings{fang2021computing,
  title={Computing-aided update for information freshness in the internet of things},
  author={Fang, Minghao and Wang, Xijun and Xu, Chao and Yang, Howard H and Quek, Tony QS},
  booktitle={IEEE INFOCOM 2021-IEEE Conference on Computer Communications Workshops (INFOCOM WKSHPS)},
  pages={1--7},
  year={2021},
  organization={IEEE}
}

@inproceedings{xiao2023aoi,
  title={AoI-aware incentive mechanism for mobile crowdsensing using stackelberg game},
  author={Xiao, Mingjun and Xu, Yin and Zhou, Jinrui and Wu, Jie and Zhang, Sheng and Zheng, Jun},
  booktitle={IEEE INFOCOM 2023-IEEE Conference on Computer Communications},
  pages={1--10},
  year={2023},
  organization={IEEE}
}

@inproceedings{wang2021taming,
  title={Taming time-varying information asymmetry in fresh status acquisition},
  author={Wang, Zhiyuan and Gao, Lin and Huang, Jianwei},
  booktitle={IEEE INFOCOM 2021-IEEE Conference on Computer Communications},
  pages={1--10},
  year={2021},
  organization={IEEE}
}

@inproceedings{wang2019dynamic,
  title={Dynamic pricing for controlling age of information},
  author={Wang, Xuehe and Duan, Lingjie},
  booktitle={2019 IEEE International Symposium on Information Theory (ISIT)},
  pages={962--966},
  year={2019},
  organization={IEEE}
}

@inproceedings{wu2023towards,
  title={Towards Federated Learning on Fresh Datasets},
  author={Wu, Chen and Xiao, Mingjun and Wu, Jie and Xu, Yin and Zhou, Jinrui and Sun, He},
  booktitle={2023 IEEE 20th International Conference on Mobile Ad Hoc and Smart Systems (MASS)},
  pages={320--328},
  year={2023},
  organization={IEEE}
}

% 重要文章
@article{huang2024collaboration,
  title={Collaboration in Federated Learning With Differential Privacy: A Stackelberg Game Analysis},
  author={Huang, Guangjing and Wu, Qiong and Sun, Peng and Ma, Qian and Chen, Xu},
  journal={IEEE Transactions on Parallel and Distributed Systems},
  year={2024},
  publisher={IEEE}
}

@article{wang2019adaptive,
  title={Adaptive federated learning in resource constrained edge computing systems},
  author={Wang, Shiqiang and Tuor, Tiffany and Salonidis, Theodoros and Leung, Kin K and Makaya, Christian and He, Ting and Chan, Kevin},
  journal={IEEE journal on selected areas in communications},
  volume={37},
  number={6},
  pages={1205--1221},
  year={2019},
  publisher={IEEE}
}

@article{xu2024age,
  title={Age-of-Information-Aware Federated Learning},
  author={Xu, Yin and Xiao, Ming-Jun and Wu, Chen and Wu, Jie and Zhou, Jin-Rui and Sun, He},
  journal={Journal of Computer Science and Technology},
  volume={39},
  number={3},
  pages={637--653},
  year={2024},
  publisher={Springer}
}


@inproceedings{langley00,
 author    = {P. Langley},
 title     = {Crafting Papers on Machine Learning},
 year      = {2000},
 pages     = {1207--1216},
 editor    = {Pat Langley},
 booktitle     = {Proceedings of the 17th International Conference
              on Machine Learning (ICML 2000)},
 address   = {Stanford, CA},
 publisher = {Morgan Kaufmann}
}

@TechReport{mitchell80,
  author = 	 "T. M. Mitchell",
  title = 	 "The Need for Biases in Learning Generalizations",
  institution =  "Computer Science Department, Rutgers University",
  year = 	 "1980",
  address =	 "New Brunswick, MA",
}

@phdthesis{kearns89,
  author = {M. J. Kearns},
  title =  {Computational Complexity of Machine Learning},
  school = {Department of Computer Science, Harvard University},
  year =   {1989}
}

@Book{MachineLearningI,
  editor = 	 "R. S. Michalski and J. G. Carbonell and T.
		  M. Mitchell",
  title = 	 "Machine Learning: An Artificial Intelligence
		  Approach, Vol. I",
  publisher = 	 "Tioga",
  year = 	 "1983",
  address =	 "Palo Alto, CA"
}

@Book{DudaHart2nd,
  author =       "R. O. Duda and P. E. Hart and D. G. Stork",
  title =        "Pattern Classification",
  publisher =    "John Wiley and Sons",
  edition =      "2nd",
  year =         "2000"
}

@misc{anonymous,
  title= {Suppressed for Anonymity},
  author= {Author, N. N.},
  year= {2021}
}

@InCollection{Newell81,
  author =       "A. Newell and P. S. Rosenbloom",
  title =        "Mechanisms of Skill Acquisition and the Law of
                  Practice", 
  booktitle =    "Cognitive Skills and Their Acquisition",
  pages =        "1--51",
  publisher =    "Lawrence Erlbaum Associates, Inc.",
  year =         "1981",
  editor =       "J. R. Anderson",
  chapter =      "1",
  address =      "Hillsdale, NJ"
}


@Article{Samuel59,
  author = 	 "A. L. Samuel",
  title = 	 "Some Studies in Machine Learning Using the Game of
		  Checkers",
  journal =	 "IBM Journal of Research and Development",
  year =	 "1959",
  volume =	 "3",
  number =	 "3",
  pages =	 "211--229"
}
